
@STRING{ACM = {Journal of the ACM}}

@STRING{FOCS = {IEEE Symposium on Foundations of Computer Science}}

@STRING{ICRA = {IEEE International Conference on Robotics and Automation}}

@STRING{IJRA = {International Journal of Robotics and Automation}}

@STRING{IJRR = {International Journal of Robotics Research}}

@STRING{IROS = {International Conference on Intelligent Robots and Systems}}

@STRING{ISER = {International Symposium on Experimental Robotics}}

@STRING{JCB = {Journal of Computational Biology}}

@STRING{RSS = {Robotics: Science and Systems}}

@STRING{TRA = {IEEE Transactions on Robotics and Automation}}

@STRING{WAFR = {International Workshop on the Algorithmic Foundations of Robotics}}

@inproceedings{phillips2011sipp,
  title={Sipp: Safe interval path planning for dynamic environments},
  author={Phillips, Mike and Likhachev, Maxim},
  booktitle={Robotics and Automation (ICRA), 2011 IEEE International Conference on},
  pages={5628--5635},
  year={2011},
  organization={IEEE}
}

@inproceedings{cohen2012search,
  title={Search-based planning for dual-arm manipulation with upright orientation constraints},
  author={Cohen, Benjamin and Chitta, Sachin and Likhachev, Maxim},
  booktitle={Robotics and Automation (ICRA), 2012 IEEE International Conference on},
  pages={3784--3790},
  year={2012},
  organization={IEEE}
}

@ARTICLE{allen1993grasp, 
author={Allen, P.K. and Timcenko, A. and Yoshimi, B. and Michelman, P.}, 
journal={Robotics and Automation, IEEE Transactions on}, 
title={Automated tracking and grasping of a moving object with a robotic hand-eye system}, 
year={1993}, 
volume={9}, 
number={2}, 
pages={152-165}, 
keywords={computer vision;manipulators;mobile robots;position control;predictive control;3-D motion parameters;dynamic grasping;gripper;mobile robots;moving object;predictive control;real-time vision system;robotic hand-eye system;tracking;Assembly systems;Grippers;Machine vision;Mobile robots;Real time systems;Robot kinematics;Robot sensing systems;Robot vision systems;Robotic assembly;Robotics and automation}, 
doi={10.1109/70.238279}, 
ISSN={1042-296X},}

@article{donald1993kinodynamic,
  title={Kinodynamic motion planning},
  author={Donald, Bruce and Xavier, Patrick and Canny, John and Reif, John},
  journal={Journal of the ACM (JACM)},
  volume={40},
  number={5},
  pages={1048--1066},
  year={1993},
  publisher={ACM}
}

@inproceedings{owen2005dyn,
  title={Motion planning in dynamic environments using the velocity space},
  author={Owen, Eduardo and Montano, Luis},
  booktitle={Intelligent Robots and Systems, 2005.(IROS 2005). 2005 IEEE/RSJ International Conference on},
  pages={2833--2838},
  year={2005},
  organization={IEEE}
}

@inproceedings{karaman2010dyn,
  title={Optimal kinodynamic motion planning using incremental sampling-based methods},
  author={Karaman, Sertac and Frazzoli, Emilio},
  booktitle={Decision and Control (CDC), 2010 49th IEEE Conference on},
  pages={7681--7687},
  year={2010},
  organization={IEEE}
}

@INPROCEEDINGS{plaku2007dyn,
  AUTHOR    = {E. Plaku and L. Kavraki and M. Vardi},
  TITLE     = {Discrete Search Leading Continuous Exploration for Kinodynamic Motion Planning},
  BOOKTITLE = {Proceedings of Robotics: Science and Systems},
  YEAR      = {2007},
  ADDRESS   = {Atlanta, GA, USA},
  MONTH     = {June}
}

@article{LaValle2001dyn,
author = {LaValle, Steven M. and Kuffner, James J.}, 
title = {Randomized Kinodynamic Planning},
volume = {20}, 
number = {5}, 
pages = {378-400}, 
year = {2001}, 
URL = {http://ijr.sagepub.com/content/20/5/378.abstract}, 
journal = {The International Journal of Robotics Research} 
}


@article{shiller1992time,
  author={Z. Shiller and H.H. Lu.},
  journal={Journal of dynamic systems, measurement, and control},
  title={Computation of path constrained time optimal motions with dynamic singularities},
  year={1992},
  volume={114},
  number={34}
}

@INPROCEEDINGS{zlajpah1996time, 
author={Žlajpah, L.}, 
booktitle={Robotics and Automation, 1996. Proceedings., 1996 IEEE International Conference on}, 
title={On time optimal path control of manipulators with bounded joint velocities and torques}, 
year={1996}, 
volume={2}, 
pages={1572-1577 vol.2}, 
keywords={manipulator dynamics;optimal control;path planning;bounded joint torques;bounded joint velocities;joint trajectories;manipulators;optimal trajectory planning problem;scalar path parameter;task trajectories;time-optimal path control;Acceleration;Manipulator dynamics;Motion planning;Optimal control;Path planning;Robots;Torque control;Trajectory;Velocity control;Welding}, 
doi={10.1109/ROBOT.1996.506928}, 
ISSN={1050-4729},}

@inproceedings{byl2010,
  title={Optimal Kinodynamic Planning for Compliant Mobile Manipulators},
  author={Byl, Katie},
  booktitle = {Proceedings of the International Conference on Robotics and Automation
	(ICRA)},
  year = {2010}
}

@inproceedings{kunz2012time,
  title = {Time-Optimal Trajectory Generation for Path Following with Bounded Acceleration and Velocity},
  pages = {09--13},
  month = {July},
  booktitle = {Robotics: Science and Systems},
  author = {Tobias Kunz and Mike Stilman},
  year = {2012}
}

@article{bobrow1985time,
  title={Time-optimal control of robotic manipulators along specified paths},
  author={Bobrow, James E and Dubowsky, Steven and Gibson, JS},
  journal={The International Journal of Robotics Research},
  volume={4},
  number={3},
  pages={3--17},
  year={1985},
  publisher={Sage Publications}
}

@inproceedings{pham2013velocity, 
  AUTHOR    = {Quang-Cuong Pham AND Stéphane Caron AND Yoshihiko Nakamura}, 
  TITLE     = {Kinodynamic Planning in the Configuration Space via Velocity Interval Propagation}, 
  BOOKTITLE = {Proceedings of Robotics: Science and Systems}, 
  YEAR      = {2013}, 
  ADDRESS   = {Berlin, Germany}, 
  MONTH     = {June} 
} 

@article{lavalle2001randomized,
  title={Randomized kinodynamic planning},
  author={LaValle, Steven M and Kuffner, James J},
  journal={The International Journal of Robotics Research},
  volume={20},
  number={5},
  pages={378--400},
  year={2001},
  publisher={SAGE Publications}
}

@article{shiller1989robot,
  title={Robot path planning with obstacles, actuator, gripper, and payload constraints},
  author={Shiller, Zvi and Dubowsky, Steven},
  journal={The International Journal of Robotics Research},
  volume={8},
  number={6},
  pages={3--18},
  year={1989},
  publisher={Sage Publications}
}

@article{shin1985minimum,
  title={Minimum-time control of robotic manipulators with geometric path constraints},
  author={Shin, Kang and McKay, N},
  journal={Automatic Control, IEEE Transactions on},
  volume={30},
  number={6},
  pages={531--541},
  year={1985},
  publisher={IEEE}
}

@article{Nakamura86,
  author = {Nakamura, Yoshihiko and Hanafusa, Hideo},
  journal = {Journal of Dynamic Systems, Measurement and Control},
  month = {September},
  pages = {163-171},
  title = {Inverse Kinematic Solutions with Singularity Robustness for Robot
    Manipulator Control},
  volume = 108,
  year = 1986
}

@ARTICLE{Chiaverini94, 
  author={Chiaverini, S. and Siciliano, B. and Egeland, O.}, 
  journal={Control Systems Technology, IEEE Transactions on}, 
  title={Review of the damped least-squares inverse kinematics with experiments on an industrial robot manipulator}, 
  year={1994}, 
  volume={2}, 
  number={2}, 
  pages={123-134}, 
  keywords={feedback;industrial robots;inverse problems;kinematics;ABB IRb2000;damped least-squares inverse kinematics;feedback correction error term;kinematic singularities;online estimation algorithm;shoulder singularity;singular configurations;six-joint industrial robot manipulator;varying damping factor;wrist singularity;Damping;Error correction;Feedback;Jacobian matrices;Kinematics;Manipulators;Robot control;Service robots;Shoulder;Wrist}, 
  doi={10.1109/87.294335}, 
  ISSN={1063-6536}
}
@book{Siciliano2008,
  author = {Siciliano, Bruno and Sciavicco, Lorenzo and Villani, Luigi and Oriolo, Giuseppe},
  title = {Robotics: Modelling, Planning and Control},
  year = {2008},
  isbn = {1846286417, 9781846286414},
  edition = {1st},
  publisher = {Springer Publishing Company, Incorporated},
} 
@INPROCEEDINGS{Bowling98, 
author={Bowling, A. and Khatib, O.}, 
booktitle={Intelligent Robots and Systems, 1998. Proceedings., 1998 IEEE/RSJ International Conference on}, 
title={The motion isotropy hypersurface: a characterization of acceleration capability}, 
year={1998}, 
volume={2}, 
pages={965-971 vol.2}, 
keywords={Coriolis force;Jacobian matrices;acceleration;angular velocity;manipulators;Coriolis force;PUMA 560 manipulator;acceleration capability;angular accelerations;angular motion;centrifugal force;controller commands;end-effector;linear accelerations;linear motion;motion isotropy hypersurface;Acceleration;Accelerometers;Actuators;Ellipsoids;Equations;Jacobian matrices;Kinematics;Laboratories;Robots;Torque}, 
doi={10.1109/IROS.1998.727424}}

@article{fastfactory,
  title={Perception and Motion Planning for Pick-and-Place of Dynamic Objects},
  author={Cowley, Anthony and Cohen, Benjamin and Marshall, William and Taylor, Camillo J and Likhachev, Maxim},
  journal={IEEE/RSJ International Conference on Intelligent Robots and Systems (IROS)},
  year={2013}
}

@article{Engelbrech:2001,
  title={Minimum Principles in Motor Control},
  author={Engelbrecht, S.E},
  journal={Journal of Mathematical Psychology},
  year={2001},
  volume={45(3)},
  pages={497-542}
}

@article{Flash:1985,
  title={The Coordination of Arm Movements: An Experimentally Confirmed Mathematical Model},
  author={Flash, T. and Hogan, N.},
  journal={Journal of Neurosicence},
  year={1985},
  volume={5(7)}
}

@article{Rosenbaum:1995,
  title={Planning reaches by evaluating stored postures},
  author={Rosenbaum, D. A. and Loukopoulos, L. D. and Meulenbroek, R. G. J. and Vaughan J. and Engelbrecht S. E},
  journal={Psychological Review},
  year={1995},
  volume={102(1)},
 pages={28-67}
}

@inproceedings{Albrecht:2011,
  author    = {Sebastian  Albrecht and Karinne  Ramirez-Amaro and Federico  Ruiz-Ugalde and David  Weikersdorfer and Marion Leibold and Michael Ulbrich and Michael Beetz},
  title     = {Imitating human reaching motions using physically inspired optimization principles},
  booktitle = {11th IEEE-RAS International Conference on Humanoid Robots},
  year      = {2011},
  month = {October, 26--28},
  address = {Bled, Slovenia},
  bib2html_pubtype = {Conference Paper},
  bib2html_groups = {},
  bib2html_funding = {CoTeSys},
  bib2html_domain  = {Assistive Household},
  bib2html_rescat  = {Imitation, Optimization, Perception, Segmentation}
}

@article{Atkeson:1985,
  author    = {Atkeson, Chris and Hollerbach, John},
  title     = {Kinematic Features of Unrestrained Vertical Arm Movements},
  booktitle = {Journal of Neuroscience},
  year      = {1985},
  volume = {5(9)},
  pages={2318-2330}
}

@inproceedings{Arechavaleta:2006,
  author    = {Arechavaleta, G. and Laumond, J.-P. and Hicheur, H. and Berthoz, A.},
  title     = {Optimizing Principles Underlying the Shape of Trajectories in Goal Oriented Locomotion for Hunams},
  booktitle = {International Conference on Humanoid Robots},
  year      = {2006}
}

@article{Beetz:2010,
  author    = {Beetz, Michael and Stulp, F. and Esden-Tempski P. and Fedrizzi A. and Klank U. and Kresse I. and Maldonado A. and Ruiz F.},
  title     = {Generality and Legibility in Mobile Manipulation},
  booktitle = {Autonomous Robots},
  year      = {2010},
  volume = {28},
  pages = {21-44}
}

@article{Tomasello:2004,
  author = {Tomasello M. and Carptenter M. and Call J. and Behne T. and Moll H.},
  title     = {Understanding and sharing intentions: the origins of cultural cognition},
  booktitle = {Behavioral and Brain Sciences},
  year      = {2004}
}

@article{Lichtenthaler:2011,
  author = {Lichtentha ̈ler C. and Lorenz T. and Kirsch A.},
  title     = {Towards a Legibility Metric: How to Measure the Perceived Value of a Robot},
  booktitle = {ICSR Work-In-Progress-Track},
  year      = {2011}
}

@article{Takayama:2011,
  author = {Takayama L. and Dooley D. and Ju W.},
  title     = {Expressing thought: Improving Robot Readability with Animation Principles},
  booktitle = {HRI},
  year      = {2011}
}

@article{Gielniak:2011,
  author = {Gielniak M. and Thomaz A.},
  title     = {Generating Anticipation in Robot Motion},
  booktitle = {RO-MAN},
  year      = {2011}
}

@article{Dragan:2013,
  author = {Dragan A. and Lee K. C. T. and Srinivasa S.},
  title     = {Legibility and Predictability of Robot Motion},
  booktitle = {ACM/IEEE International Conference on Human-Robot Interaction},
  year      = {2013}
}

