% This file was created with JabRef 2.5.
% Encoding: UTF-8

@STRING{ACM = {Journal of the ACM}}

@STRING{FOCS = {IEEE Symposium on Foundations of Computer Science}}

@STRING{ICRA = {IEEE International Conference on Robotics and Automation}}

@STRING{IJRA = {International Journal of Robotics and Automation}}

@STRING{IJRR = {International Journal of Robotics Research}}

@STRING{IROS = {International Conference on Intelligent Robots and Systems}}

@STRING{ISER = {International Symposium on Experimental Robotics}}

@STRING{JCB = {Journal of Computational Biology}}

@STRING{RSS = {Robotics: Science and Systems}}

@STRING{TRA = {IEEE Transactions on Robotics and Automation}}

@STRING{WAFR = {International Workshop on the Algorithmic Foundations of Robotics}}

@INPROCEEDINGS{Kanehir-locin3D,
  author = {A. Kanehiro {et al.}},
  title = {Whole Body Locomotion Planning of Humanoid Robots based on a 3D Grid
	Map},
  booktitle = {Proceedings of the IEEE International Conference on Robotics and
	Automation (ICRA)},
  year = {2005}
}

@ARTICLE{Marie-DistributedPlanning,
  author = {Marie E. desJardins and Edmund H. Durfee and Jr. {Charles L. Ortiz}
	and Michael J. Wolverton},
  title = {A Survey of Research in Distributed, Continual Planning},
  journal = {AI Magazine},
  year = {2000}
}

@ARTICLE{Inoue-MotPlan,
  author = {{A. Inoue} and {K. Inoue} and Y. Okawa},
  title = {On-line motion planning of autonomous mobile robots to avoid multiple
	moving obstacles based on prediction of their future trajectories},
  journal = {J. of Robotics Society of Japan},
  year = {1997},
  volume = {15},
  pages = {249--260},
  number = {2}
}

@ARTICLE{KushLikh-tblattice,
  author = {{A. Kushleyev} and M. Likhachev},
  title = {Time-bounded Lattice for Efficient Planning in Dynamic Environments},
  year = {2009},
  booktitle = {Proceedings of the IEEE International Conference on Robotics and
	Automation (ICRA)}
}

@ARTICLE{Acar-MorseDecomp,
  author = {E.U. Acar and H. Choset and A.A. Rizzi and P. Atkar and D. Hull},
  title = {Morse Decompositions for Coverage Tasks},
  journal = {International Journal of Robotics Research},
  year = {2002},
  volume = {21},
  pages = {331--344}
}

@ARTICLE{Alte:88,
  author = {R. Alterman},
  title = {Adaptive Planning},
  journal = {Cognitive Science},
  year = {1988},
  volume = {12},
  pages = {393--421},
  number = {3}
}

@INPROCEEDINGS{ambite97planning,
  author = {J. Ambite and C. Knoblock},
  title = {Planning by Rewriting: Efficiently Generating High-quality Plans},
  booktitle = {Proceedings of the National Conference on Artificial Intelligence
	(AAAI)},
  year = {1997}
}

@ARTICLE{arkin-schemabasednav,
  author = {R. C. Arkin},
  title = {Motor Schema-Based Mobile Robot Navigation},
  journal = {The International Journal of Robotics Research},
  year = {1989},
  pages = {92--112}
}

@ARTICLE{Ausi:91,
  author = {G. Ausiello and G. Italiano and A. Marchetti-Spaccamela and U. Nanni},
  title = {Incremental Algorithms for Minimal Length Paths},
  journal = {Journal of Algorithms},
  year = {1991},
  volume = {12},
  pages = {615--638},
  number = {4}
}

@ARTICLE{BagSri-weigsearnet,
  author = {A. Bagchi and P. K. Srimani},
  title = {Weighted heuristic search in networks},
  journal = {Journal of Algorithms},
  year = {1985},
  volume = {6},
  pages = {550--576}
}

@ARTICLE{latombe-potfields,
  author = {J. Barraquand and B. Langlois and J. Latombe},
  title = {Numerical Potential Field Techniques for Robot Path Planning},
  journal = {IEEE Trans. on Systems, Man, and Cybernetics},
  year = {1992},
  volume = {22},
  pages = {224--241},
  number = {2}
}

@ARTICLE{BarrLat-nonholplanwithgraphs,
  author = {J. Barraquand and J.C. Latombe},
  title = {Nonholonomic Multi-body Mobile Robots: Controllability and Motion
	Planning in the Presence of Obstacles},
  journal = {Algorithmica},
  year = {1993},
  volume = {10},
  pages = {121--155},
  number = {2-3-4}
}

@ARTICLE{Barto-rtdp,
  author = {A. Barto and {S. Bradtke} and S. Singh},
  title = {Learning to act using real-time dynamic programming},
  journal = {Artificial Intelligence},
  year = {1995},
  volume = {72},
  pages = {81--138}
}

@ARTICLE{Daniel-POMDPs,
  author = {Daniel S. Bernstein and Eric A. Hansen and Shlomo Zilberstein},
  title = {Bounded Policy Iteration for Decentralized POMDPs},
  journal = {Proceedings of the Nineteenth International Joint Conference on Artificial
	Intelligence },
  year = {2005},
  pages = {1287--1292}
}

@ARTICLE{Bertsekas-Tsitsiklis,
  author = {D.P. Bertsekas and J.N. Tsitsiklis},
  title = {Some Aspects of Parallel and Distributed Iterative Algorithms - A
	Survey},
  journal = {Automatica},
  year = {1991},
  volume = {27},
  pages = {3--21},
  number = {1},
  date-added = {2009-01-15 18:56:17 -0500},
  date-modified = {2009-01-15 18:58:07 -0500}
}

@INPROCEEDINGS{Lazyprm,
  author = {R. Bohlin and L. Kavraki},
  title = {Path planning using lazy prm},
  booktitle = {IEEE International Conference on Robotics and Automation, VOL.1},
  year = {2007}
}

@INPROCEEDINGS{bonet-egridforpomdp,
  author = {B. Bonet},
  title = {An $\epsilon$-optimal grid-based algorithm for partially obserable
	Markov decision processes},
  booktitle = {Proceedings of the International Conference on Machine Learning},
  year = {2002},
  pages = {51--58},
  citeulike-article-id = {519647},
  keywords = {grid-interpolation, pomdp},
  priority = {2}
}

@INPROCEEDINGS{bonet-planwithincinfo,
  author = {B. Bonet and H. Geffner},
  title = {Planning with Incomplete Information as Heuristic Search in Belief
	Space},
  booktitle = {Proc. 6th International Conf. on Artificial Intelligence Planning
	and Scheduling},
  year = {2000},
  editor = {S. Chien and S. Kambhampati and C. Knoblock},
  pages = {52--61},
  address = {Breckenridge, CO},
  publisher = {AAAI Press}
}

@INPROCEEDINGS{bonet-hdp,
  author = {B. Bonet and H. Geffner},
  title = {Faster Heuristic Search Algorithms for Planning with Uncertainty
	and Full Feedback},
  booktitle = {Proceedings of the 18th International Joint Conference on Artificial
	Intelligence},
  year = {2003},
  pages = {1233--1238}
}

@ARTICLE{bonet01planning,
  author = {B. Bonet and H. Geffner},
  title = {Planning as heuristic search},
  journal = {Artificial Intelligence},
  year = {2001},
  volume = {129},
  pages = {5--33},
  number = {1-2}
}

@ARTICLE{borenstein-vectorfieldhist,
  author = {J. Borenstein and Y. Koren},
  title = {The Vector Field Histogram - Fast Obstacle Avoidance for Mobile Robots},
  journal = {IEEE Transactions on Robotics and Automation},
  year = {1991},
  volume = {7},
  pages = {278--288},
  number = {3}
}

@INPROCEEDINGS{boutilier96-factoredbelief,
  author = {Craig Boutilier and David Poole},
  title = {Computing Optimal Policies for Partially Observable Decision Processes
	Using Compact Representations},
  booktitle = {Proceedings of the National Conference on Artificial Intelligence
	({AAAI}-96)},
  year = {1996},
  pages = {1168--1175},
  address = {Portland, Oregon, USA},
  publisher = {AAAI Press / The MIT Press}
}

@INPROCEEDINGS{boyen-factoredpomdp,
  author = {Xavier Boyen and Daphne Koller},
  title = {Tractable Inference for Complex Stochastic Processes},
  booktitle = {Proceedings of the International Conference on Uncertainty in Artificial
	Intelligence (UAI)},
  year = {1998},
  pages = {33--42}
}

@INPROCEEDINGS{Buffet-fpgplan,
  author = {O. Buffet and D. Aberdeen},
  title = {The Factored Policy Gradient planner},
  booktitle = {Proceedings of the Fifth International Planning Competition (IPC)},
  year = {2006}
}

@ARTICLE{CannyRoadmaps,
  author = {J. Canny},
  title = {Constructing Roadmaps of Semi-algebraic Sets {I}: Completeness},
  journal = {Artificial Intelligence},
  year = {1988},
  volume = {37},
  pages = {203--222}
}

@ARTICLE{ChaGho-WAO,
  author = {P. P. Chakrabarti and {S. Ghosh} and S. C. DeSarkar},
  title = {Admissibility of {AO}* when heuristics overestimate},
  journal = {Artificial Intelligence},
  year = {1988},
  volume = {34},
  pages = {97--113}
}

@INPROCEEDINGS{sandros,
  author = {Pang C. Chen and Yong K. Hwang},
  title = {SANDROS: A Dynamic Graph Search Algorithm for Motion Planning},
  booktitle = {IEEE Transactions on Robtics and Automation, VOL. 14},
  year = {1998}
}

@INPROCEEDINGS{sandros,
  author = {Pang C. Chen and Yong K. Hwang},
  title = {SANDROS: A Dynamic Graph Search Algorithm for Motion Planning},
  booktitle = {IEEE Transactions on Robtics and Automation, VOL. 14},
  year = {1998}
}

@INPROCEEDINGS{Chien-CASPER,
  author = {S. Chien and R. Knight and A. Stechert and {R. Sherwood} and G. Rabideau},
  title = {Using Iterative Repair to Improve the Responsiveness of Planning
	and Scheduling},
  booktitle = {Proceedings of the International Conference on Artificial Intelligence
	Planning and Scheduling (AIPS)},
  year = {2000}
}

@INPROCEEDINGS{Baral-planwithincinfo,
  author = {{Chitta Baral} and Tran Cao Son},
  title = {Approximate reasoning about actions in presence of sensing and incomplete
	information},
  booktitle = {Proceedings of International Logic Programming Symposium (ILPS)},
  year = {1997},
  pages = {387--401}
}

@ARTICLE{Baral-complofincompplan,
  author = {{Chitta Baral} and {Vladik Kreinovich} and Ra{\'u}l Trejo},
  title = {Computational complexity of planning and approximate planning in
	the presence of incompleteness},
  journal = {Artificial Intelligence},
  year = {2000},
  volume = {122},
  pages = {241--267},
  number = {1-2},
  address = {Essex, UK},
  doi = {http://dx.doi.org/10.1016/S0004-3702(00)00043-6},
  issn = {0004-3702},
  publisher = {Elsevier Science Publishers Ltd.}
}

@INCOLLECTION{PrincRoboMotion,
  author = {Howard Choset and Kevin M. Lynch and Seth Hutchinson and George Kantor
	and Wolfram Burgard and Lydia E. Kavraki and Sebastian Thrun},
  booktitle = {Principles of Robot Motion},
  publisher = {Cambridge, MA: MIT Press},
  year = {2005},
  pages = {203--215}
}

@INPROCEEDINGS{Cohen2,
  author = {Benjamin J. Cohen and Gokul Subramanian and Sachin Chitta and Maxim Likhachev},
  title = {Planning for {M}anipulation with {A}daptive {M}otion {P}rimitives},
  booktitle = {Proceedings of the IEEE International Conference on Robotics and
	Automation (ICRA)},
  year = {2011}
}

@INPROCEEDINGS{Cohen,
  author = {Benjamin J. Cohen and Sachin Chitta and Maxim	Likhachev},
  title = {Search-based {P}lanning for {M}anipulation with {M}otion {P}rimitives},
  booktitle = {Proceedings of the IEEE International Conference on Robotics and
	Automation (ICRA)},
  year = {2010}
}

@ARTICLE{Hsu-RandMotPlan,
  author = {{D. Hsu} and {R. Kindel} and {J.-C. Latombe} and S. Rock},
  title = {Randomized kinodynamic motion planning with moving obstacles},
  journal = {International Journal of Robotics Research},
  year = {2002},
  volume = {21},
  pages = {233--255}
}

@INPROCEEDINGS{szer-maafordecpomdp,
  author = {F. Charpillet {D. Szer} and S. Zilberstein},
  title = {MAA*: A Heuristic Search Algorithm for Solving Decentralized POMDPs},
  booktitle = {Proceedings of the International Conference on Uncertainty in Artificial
	Intelligence (UAI)},
  year = {2005}
}

@INPROCEEDINGS{Burfoot-RRTPlan,
  author = {{Daniel Burfoot} and {Joelle Pineau} and Gregory Dudek},
  title = {{RRT}-Plan: a Randomized Algorithm for STRIPS Planning},
  booktitle = {Proceedings of the National Conference on Artificial Intelligence
	(AAAI)},
  year = {2006}
}

@ARTICLE{Dasgupta94agentcenteredsearch,
  author = {P. Dasgupta and {P. Chakrabarti} and S. DeSarkar},
  title = {Agent searching in a tree and the optimality of iterative deepening},
  journal = {Artificial Intelligence},
  year = {1994},
  volume = {71},
  pages = {195--208}
}

@ARTICLE{Dechter-optimalityofAstar,
  author = {Rina Dechter and Judea Pearl},
  title = {Generalized best-first search strategies and the optimality af {A}*},
  journal = {Journal of the Association for Computing Machinery},
  year = {1985},
  volume = {32},
  pages = {505--536},
  number = {3},
  address = {New York, NY, USA},
  doi = {http://doi.acm.org/10.1145/3828.3830},
  issn = {0004-5411},
  publisher = {ACM Press}
}

@INPROCEEDINGS{DiankovKuffner_RAStar,
  author = {Rosen Diankov and James Kuffner},
  title = {Randomized Statistical Path Planning},
  booktitle = {Proceedings of IEEE/RSJ 2007 International Conference on Robots and
	Systems (IROS)},
  year = {2007},
  month = {October}
}

@ARTICLE{bib-Dias,
  author = {M Bernardine Dias and Robert Michael Zlot and Nidhi Kalra and Anthony
	(Tony) Stentz},
  title = {Market-based multirobot coordination: a survey and analysis},
  journal = {Proc. of the IEEE},
  year = {2006},
  volume = {94},
  pages = {1257--1270},
  number = {7},
  date-added = {2009-01-15 18:18:13 -0500},
  date-modified = {2009-01-15 18:18:13 -0500},
  optmonth = {July}
}

@ARTICLE{dijkstra-dijkstra,
  author = {Edsger W. Dijkstra},
  title = {A note on two problems in connexion with graphs},
  journal = {Numerische Mathematik},
  year = {1959},
  volume = {1},
  pages = {269--271}
}

@ARTICLE{Edmund-planning,
  author = {Edmund H. Durfee},
  title = {Distributed Problem Solving and Planning},
  journal = {Lecture Notes in Computer Science},
  year = {2001},
  volume = {2086},
  pages = {118--149},
  number = {2}
}

@INPROCEEDINGS{edelkamp01planning,
  author = {S. Edelkamp},
  title = {Planning with pattern databases},
  booktitle = {Proceedings of the European Conference on Planning (ECP)},
  year = {2001}
}

@INPROCEEDINGS{edelkamp-AstarforBDD,
  author = {S. Edelkamp},
  title = {Heuristic Search Planning with {BDD}s},
  booktitle = {Proceedings of the Workshop "New Results in Planning, Scheduling
	and Design" (PuK)},
  year = {2000}
}

@INPROCEEDINGS{Edel:98,
  author = {S. Edelkamp},
  title = {Updating Shortest Paths},
  booktitle = {Proceedings of the European Conference on Artificial Intelligence},
  year = {1998}
}

@INPROCEEDINGS{Ephrati-heuristic,
  author = {Eithan Ephrati and Martha E. Pollack and Jeffrey S. Rosenschein},
  title = {A tractable heuristic that maximizes global utility through local
	plan combination},
  booktitle = {Proceedings of the 1st International Conference on MultiAgent Systems
	(ICMAS-95)},
  year = {1991}
}

@INPROCEEDINGS{Ephrati-Clarke,
  author = {E. Ephrati and J. Rosenschein},
  title = {The Clarke Tax as a consensus mechanism among automated agents},
  booktitle = {Proceedings of AAAI-91},
  year = {1991},
  pages = {173--178}
}

@ARTICLE{Even:85,
  author = {S. Even and H. Gazit},
  title = {Updating Distances in Dynamic Graphs},
  journal = {Methods of Operations Research},
  year = {1985},
  volume = {49},
  pages = {371--387}
}

@ARTICLE{Even:81,
  author = {S. Even and Y. Shiloach},
  title = {An On-Line Edge Deletion Problem},
  journal = {Journal of the ACM},
  year = {1981},
  volume = {28},
  pages = {1--4},
  number = {1}
}

@ARTICLE{lamiraux-motionplanfortrailer,
  author = {{F. Lamiraux} and {S. Sekhavat} and J.-P. Laumond},
  title = {Motion Planning and Control for Hilare Pulling a Trailer},
  journal = {IEEE Transactions on Robotics and Automation},
  year = {1999},
  volume = {15},
  pages = {640--652},
  number = {4}
}

@MISC{Ferg-pc,
  author = {D. Ferguson},
  howpublished = {Personal communication},
  year = {2005}
}

@INPROCEEDINGS{Fer-heursearchguide,
  author = {D. Ferguson and {M. Likhachev} and A. Stentz},
  title = {A Guide to Heuristic-based Path Planning},
  booktitle = {Proceedings of the Workshop on Planning under Uncertainty for Autonomous
	Systems at The International Conference on Automated Planning and
	Scheduling (ICAPS)},
  year = {2005}
}

@INPROCEEDINGS{anyrrt-ferg,
  author = {Dave Ferguson and Anthony Stentz},
  title = {Anytime {RRTs}},
  booktitle = {Proceedings of the International Conference on Intelligent Robots
	and Systems (IROS)},
  year = {2006}
}

@INPROCEEDINGS{Fer_delayedD,
  author = {D. Ferguson and A. Stentz},
  title = {The Delayed {D*} Algorithm for Efficient Path Replanning},
  booktitle = {Proceedings of the IEEE International Conference on Robotics and
	Automation (ICRA)},
  year = {2005}
}

@INPROCEEDINGS{Ferguson_PAO,
  author = {D. Ferguson and A. Stentz and S. Thrun},
  title = {{PAO*} for Planning with Hidden State},
  booktitle = {Proceedings of the 2004 IEEE International Conference on Robotics
	and Automation},
  year = {2004},
  pages = {2840--2847}
}

@PHDTHESIS{ferrer-anytime,
  author = {G. J. Ferrer},
  title = {Anytime Replanning Using Local Subplan Replacement},
  school = {University of Virginia},
  year = {2002}
}

@ARTICLE{Feue:93,
  author = {E. Feuerstein and A. Marchetti-Spaccamela},
  title = {Dynamic Algorithms for Shortest Paths in Planar Graphs},
  journal = {Theoretical Computer Science},
  year = {1993},
  volume = {116},
  pages = {359--371},
  number = {2}
}

@ARTICLE{Fio-MotPlan,
  author = {P. Fiorini and Z. Shiller},
  title = {Motion planning in dynamic environment using velocity obstacles},
  journal = {International Journal of Robotics Research},
  year = {1998},
  volume = {17},
  pages = {760--772},
  number = {7}
}

@ARTICLE{Fran:01,
  author = {P. Franciosa and D. Frigioni and R. Giaccio},
  title = {Semi-Dynamic Breadth-First Search in Digraphs},
  journal = {Theoretical Computer Science},
  year = {2001},
  volume = {250},
  pages = {201--217},
  number = {1--2}
}

@ARTICLE{frazzoli-RRTstar,
  author = {E. Frazzoli and S. Karaman},
  title = {Incremental Sampling-based Algorithms for Optimal Motion Planning},
  journal = {Int. Journal of Robotics Research},
  year = {2010}
}

@INPROCEEDINGS{Frig:96,
  author = {D. Frigioni and {A. Marchetti-Spaccamela} and U. Nanni},
  title = {Fully Dynamic Output Bounded Single Source Shortest Path Problem},
  booktitle = {Proceedings of the Symposium on Discrete Algorithms},
  year = {1996}
}

@ARTICLE{Frig:00,
  author = {D. Frigioni and A. Marchetti-Spaccamela and U. Nanni},
  title = {Fully Dynamic Algorithms for Maintaining Shortest Paths Trees},
  journal = {Journal of Algorithms},
  year = {2000},
  volume = {34},
  pages = {251--281},
  number = {2}
}

@ARTICLE{Frig:98,
  author = {D. Frigioni and A. Marchetti-Spaccamela and U. Nanni},
  title = {Semidynamic Algorithms for Maintaining Single Source Shortest Path
	Trees},
  journal = {Algorithmica},
  year = {1998},
  volume = {22},
  pages = {250--274},
  number = {3}
}

@PHDTHESIS{Furcy04thesis,
  author = {D. Furcy},
  title = {Chapter 5 of Speeding Up the Convergence of Online Heuristic Search
	and Scaling Up Offline Heuristic Search},
  school = {Georgia Institute of Technology},
  year = {2004}
}

@INPROCEEDINGS{Gere:00,
  author = {A. Gerevini and I. Serina},
  title = {Fast Plan Adaptation through Planning Graphs: Local and Systematic
	Search Techniques},
  booktitle = {Proceedings of the International Conference on Artificial Intelligence
	Planning and Scheduling (AIPS)},
  year = {2000},
  pages = {112--121}
}

@ARTICLE{Gerkey2004Task,
  author = {Brian Gerkey and Maja Mataric},
  title = {A formal analysis and taxonomy of task allocation in multi-robot
	systems},
  journal = {Int'l. J. of Robotics Research},
  year = {2004},
  volume = {23},
  pages = {939--954},
  number = {9},
  date-added = {2009-01-15 18:18:36 -0500},
  date-modified = {2009-01-15 18:18:36 -0500},
  keywords = {task allocation, taxonomy, intentional cooperation},
  optmonth = {September},
  read = {Yes}
}

@MISC{Gordon-pc,
  author = {G. Gordon},
  howpublished = {Personal communication},
  year = {2003}
}

@ARTICLE{Goto:78,
  author = {S. Goto and A. Sangiovanni-Vincentelli},
  title = {A New Shortest Path Updating Algorithm},
  journal = {Networks},
  year = {1978},
  volume = {8},
  pages = {341--372},
  number = {4}
}

@INPROCEEDINGS{guestrin-factoredPOMDP,
  author = {C. Guestrin and D. Koller and R. Parr},
  title = {Solving factored POMDPs with linear value functions},
  booktitle = {Proceedings of the Workshop on Planning under Uncertainty and Incomplete
	Information},
  year = {2001}
}

@MISC{Haehn-pc,
  author = {D. Haehnel},
  howpublished = {Personal communication},
  year = {2003}
}

@ARTICLE{Hamm:90,
  author = {K. Hammond},
  title = {Explaining and Repairing Plans that Fail},
  journal = {Artificial Intelligence},
  year = {1990},
  volume = {45},
  pages = {173--228}
}

@ARTICLE{Hank:95,
  author = {S. Hanks and D. Weld},
  title = {A Domain-Independent Algorithm for Plan Adaptation},
  journal = {Journal of Artificial Intelligence Research},
  year = {1995},
  volume = {2},
  pages = {319--360}
}

@ARTICLE{Hansen-anytimeastarjair,
  author = {Eric A. Hansen and Rong Zhou},
  title = {Anytime Heuristic Search.},
  journal = {Journal of Artificial Intelligence Research (JAIR)},
  year = {2007},
  volume = {28},
  pages = {267--297}
}

@TECHREPORT{Hansen-AnyHeurSearch,
  author = {E. Hansen and {S. Zilberstein} and V. Danilchenko},
  title = {Anytime heuristic search: First results},
  institution = {University of Massachusetts},
  year = {1997},
  type = {{T}ech. {R}ep.},
  number = {CMPSCI 97-50}
}

@ARTICLE{Hans-LAO,
  author = {E. Hansen and S. Zilberstein},
  title = {{LAO*}: A heuristic search algorithm that finds solutions with loops},
  journal = {Artificial Intelligence},
  year = {2001},
  volume = {129},
  pages = {35--62}
}

@ARTICLE{Hart-Astar,
  author = {P. E. Hart and {N. J. Nilsson} and B. Raphael},
  title = {A formal basis for the heuristic determination of minimum cost paths},
  journal = {IEEE Transactions on Systems, Science, and Cybernetics},
  year = {1968},
  volume = {SSC-4},
  pages = {100--107},
  number = {2}
}

@INPROCEEDINGS{Horvitz-any,
  author = {E. J. Horvitz},
  title = {Problem-solving design: Reasoning about computational value, trade-offs,
	and resources},
  booktitle = {Proceedings of the Second Annual NASA Research Forum},
  year = {1987}
}

@ARTICLE{Ital:88,
  author = {G. Italiano},
  title = {Finding Paths and Deleting Edges in Directed Acyclic Graphs},
  journal = {Information Processing Letters},
  year = {1988},
  volume = {28},
  pages = {5--11},
  number = {1}
}

@INPROCEEDINGS{Minura-motplan,
  author = {{J. Minura} and {H. Uozumi} and Y. Shirai},
  title = {Mobile robot motion planning considering the motion uncertainty of
	moving obstacles},
  booktitle = {Proceedings of IEEE Int. Conf. on Systems, Man, and Cybernetics},
  year = {1999},
  pages = {692--698}
}

@INPROCEEDINGS{Berg-Anyplan,
  author = {{J. van den Berg} and {D. Ferguson} and {J. Kuffner}},
  title = {Anytime Path Planning and Replanning in Dynamic Environments},
  booktitle = {Proceedings of the IEEE International Conference on Robotics and
	Automation (ICRA)},
  year = {2006},
  pages = {2366--2371}
}

@INPROCEEDINGS{Berg-planshort,
  author = {{J. van den Berg} and M. Overmars},
  title = {Planning the Shortest Safe Path amidst Unpredictably Moving Obstacles},
  booktitle = {Proceedings Workshop on Algorithmic Foundations of Robotics},
  year = {2006}
}

@ARTICLE{laumond-motionplan,
  author = {{J.-P. Laumond} and {P.E. Jacobs} and {M. Taix} and R.M. Murray},
  title = {A motion planner for nonholonomic mobile robots},
  journal = {IEEE Transactions on Robotics and Automation},
  year = {1994},
  volume = {10},
  pages = {577--593},
  number = {5}
}

@INPROCEEDINGS{guidedEST,
  author = {Nazareth Bedrossian {Jeff M. Phillips} and Lydia E. Kavraki},
  title = {Guided Expansive Spaces Trees: A Search Strategy for Motion- and
	Cost-Constrained State Spaces},
  booktitle = {Proceedings of the International Conference on Robotics and Automation
	(ICRA)},
  year = {2004}
}

@ARTICLE{Jennings-industrial,
  author = {N. Jennings},
  title = {Controlling cooperative problem in industrial multi agent systems
	using joint intentions},
  journal = {Artificial Intelligence},
  year = {1995},
  volume = {75},
  pages = {195--240},
  number = {2},
  publisher = {Morgan Kaufmann}
}

@INPROCEEDINGS{jensen-AstarforBDD,
  author = {R. M. Jensen and R. E. Bryant and M. M. Veloso},
  title = {{SetA*}: An Efficient {BDD}-Based Heuristic Search Algorithm},
  booktitle = {Proceedings of the National Conference on Artificial Intelligence
	(AAAI)},
  year = {2002},
  pages = {668--673}
}

@INPROCEEDINGS{adininPRMs,
  author = {F. Kabanza and R. Nkambou and K. Belghith},
  title = {Path-Planning for Autonomous Training on Robot Manipulators in Space},
  booktitle = {Proceedings of the International Joint Conference on Artificial Intelligence
	(IJCAI)},
  year = {2005},
  pages = {1729--1731},
  note = {Poster Paper}
}

@ARTICLE{Kamb:92,
  author = {S. Kambhampati and J. Hendler},
  title = {A Validation-Structure-Based Theory of Plan Modification and Reuse},
  journal = {Artificial Intelligence},
  year = {1992},
  volume = {55},
  pages = {193--258}
}

@ARTICLE{ProbRoadmaps,
  author = {L. Kavraki and P. Svestka and J.-C. Latombe and M. H. Overmars},
  title = {Probabilistic Roadmaps for Path Planning in High-dimensional Configuration
	Spaces},
  journal = {IEEE Transactions on Robotics and Automation},
  year = {1996},
  volume = {12},
  pages = {566--580},
  number = {4}
}

@PHDTHESIS{Kel95,
  author = {A. Kelly},
  title = {An Intelligent Predictive Control Approach to the High Speed Cross
	Country Autonomous Navigation Problem},
  school = {Carnegie Mellon University},
  year = {1995}
}

@ARTICLE{khatib-potfields,
  author = {O. Khatib},
  title = {Real-time Obstacle Avoidance for Manipulators and Mobile Robots},
  journal = {International Journal of Robotics Research},
  year = {1986},
  volume = {5},
  pages = {90--98},
  number = {1}
}

@INPROCEEDINGS{Klei:93,
  author = {P. Klein and S. Subramanian},
  title = {Fully Dynamic Approximation Schemes for Shortest Path Problems in
	Planar Graphs},
  booktitle = {Proceedings of the International Workshop on Algorithms and Data
	Structures},
  year = {1993},
  pages = {443--451}
}

@INCOLLECTION{Koeh:94,
  author = {J. Koehler},
  title = {Flexible Plan Reuse in a Formal Framework},
  booktitle = {Current Trends in {AI} Planning},
  publisher = {IOS Press},
  year = {1994},
  editor = {C. B{\"a}ckstr{\"o}m and E. Sandewall},
  pages = {171--184}
}

@PHDTHESIS{Koenig97agentcenteredsearch,
  author = {S. Koenig},
  title = {Chapter 2 of Goal-Directed Acting with Incomplete Information: Acting
	with Agent-Centered Search},
  school = {Carnegie Mellon University},
  year = {1997}
}

@INPROCEEDINGS{koenig-sherpa,
  author = {S. Koenig and D. Furcy and C. Bauer},
  title = {Heuristic Search-Based Replanning},
  booktitle = {Proceedings of the International Conference on Artificial Intelligence
	Planning and Scheduling},
  year = {2002},
  pages = {294--301}
}

@INPROCEEDINGS{KoenLikh-IncrementalA,
  author = {S. Koenig and M. Likhachev},
  title = {Incremental {A}*},
  booktitle = {Advances in Neural Information Processing Systems (NIPS) 14},
  year = {2002},
  editor = {T. G. Dietterich and S. Becker and Z. Ghahramani},
  publisher = {Cambridge, MA: MIT Press}
}

@INPROCEEDINGS{KoeLik-AdaptA,
  author = {S. Koenig and M. Likhachev},
  title = {Adaptive {A*}},
  booktitle = {Proceedings of the International Joint Conference on Autonomous Agents
	and Multiagent Systems (AAMAS)},
  year = {2005},
  note = {Poster abstract}
}

@INPROCEEDINGS{KoeLik-DLite,
  author = {S. Koenig and M. Likhachev},
  title = {{D*} {L}ite},
  booktitle = {Proceedings of the Eighteenth National Conference on Artificial Intelligence
	(AAAI)},
  year = {2002}
}

@ARTICLE{LPA-AIJ,
  author = {S. Koenig and {M. Likhachev} and D. Furcy},
  title = {Lifelong Planning {A*}},
  journal = {Artificial Intelligence Journal (AIJ)},
  year = {2004}
}

@INPROCEEDINGS{Koenig-freespace,
  author = {S. Koenig and Y. Smirnov},
  title = {Sensor-Based Planning with the Freespace Assumption},
  booktitle = {Proceedings of the International Conference on Robotics and Automation
	(ICRA)},
  year = {1997}
}

@INPROCEEDINGS{Koen-sensorbased,
  author = {S. Koenig and Y. Smirnov},
  title = {Sensor-based planning with the freespace assumption},
  booktitle = {Proceedings of the IEEE International Conference on Robotics and
	Automation (ICRA)},
  year = {1996},
  pages = {3540--3545}
}

@ARTICLE{KorfBFS,
  author = {R. E. Korf},
  title = {Linear-space best-first search},
  journal = {Artificial Intelligence},
  year = {1993},
  volume = {62},
  pages = {41--78}
}

@INPROCEEDINGS{Kumar-branchandbound,
  author = {V. Kumar},
  title = {Branch-and-bound Search},
  booktitle = {Encyclopedia of Artificial Intelligence},
  year = {1992},
  editor = {S. C. Shapiro},
  pages = {1468--1472},
  publisher = {New York, NY: Wiley-Interscience}
}

@BOOK{latombe-robmotionplanbook,
  title = {Robot Motion Planning},
  publisher = {Boston, MA: Kluwer Academic Publishers},
  year = {1991},
  author = {J.-C. Latombe}
}

@MANUAL{SBPL_LIB,
  title = {SBPL graph search library},
  author = {M. Likhachev},
  address = {http://www.cis.upenn.edu/~maximl/software.html}
}

@ARTICLE{LikFerg-planlongdynpathsijrr,
  author = {M. Likhachev and D. Ferguson},
  title = {Planning Long Dynamically-Feasible Maneuvers For Autonomous Vehicles},
  journal = {International Journal of Robotics Research (IJRR)},
  year = {2009}
}

@INPROCEEDINGS{LikFerg-planlongdynpaths,
  author = {M. Likhachev and D. Ferguson},
  title = {Planning Long Dynamically-Feasible Maneuvers For Autonomous Vehicles},
  booktitle = {Proceedings of Robotics: Science and Systems (RSS)},
  year = {2008}
}

@INPROCEEDINGS{Lik-AD,
  author = {M. Likhachev and D. Ferguson and G. Gordon and {A. Stentz} and S.
	Thrun},
  title = {Anytime Dynamic {A*}: An Anytime, Replanning Algorithm},
  booktitle = {Proceedings of the International Conference on Automated Planning
	and Scheduling (ICAPS)},
  year = {2005},
  pages = {262--271}
}

@INPROCEEDINGS{LikGorThr-mcp,
  author = {M. Likhachev and {G. Gordon} and S. Thrun},
  title = {Planning for Markov Decision Processes with Sparse Stochasticity},
  booktitle = {Advances in Neural Information Processing Systems (NIPS) 17},
  year = {2004},
  publisher = {Cambridge, MA: MIT Press}
}

@INPROCEEDINGS{LikGorThr-ara,
  author = {M. Likhachev and {G. Gordon} and S. Thrun},
  title = {{ARA*}: Anytime {A*} with provable bounds on sub-optimality},
  booktitle = {Advances in Neural Information Processing Systems (NIPS) 16},
  year = {2003},
  publisher = {Cambridge, MA: MIT Press}
}

@TECHREPORT{LikGorThr-ARAAnalysis,
  author = {M. Likhachev and {G. Gordon} and S. Thrun},
  title = {{ARA*}: Formal analysis},
  institution = {Carnegie Mellon University, Pittsburgh, PA},
  year = {2003},
  type = {{T}ech. {R}ep.},
  number = {CMU-CS-03-148}
}

@INPROCEEDINGS{LikKoe-PartiGame,
  author = {M. Likhachev and S. Koenig},
  title = {Speeding Up the parti-game Algorithm},
  booktitle = {Advances in Neural Information Processing Systems (NIPS) 15},
  year = {2002},
  editor = {S. Becker and S. Thrun and K. Obermayer},
  publisher = {Cambridge, MA: MIT Press}
}

@INPROCEEDINGS{LikKoen-GLPA,
  author = {M. Likhachev and S. Koenig},
  title = {A Generalized Framework for Lifelong Planning {A*}},
  booktitle = {Proceedings of the International Conference on Automated Planning
	and Scheduling (ICAPS)},
  year = {2005},
  pages = {99--108}
}

@ARTICLE{LikStentz-pcram,
  author = {M. Likhachev and A. Stentz},
  title = {Path Clearance},
  journal = {{IEEE} Robotics and Automation Magazine, Special Issue on Cooperative
	Control of Multiple Heterogeneous Unmanned Aerial Vehicles for Coverage
	and Surveillance},
  year = {2009}
}

@INPROCEEDINGS{LikhStentz-Rstar,
  author = {M. Likhachev and A. Stentz},
  title = {{R}* Search},
  booktitle = {Proceedings of the National Conference on Artificial Intelligence
	(AAAI)},
  year = {2008}
}

@INPROCEEDINGS{LikStentz-pcwithmultscouts,
  author = {M. Likhachev and A. Stentz},
  title = {Information Value-Driven Approach to Path Clearance with Multiple
	Scout Robots},
  booktitle = {Proceedings of the IEEE International Conference on Robotics and
	Automation (ICRA)},
  year = {2008},
  pages = {2651--2656}
}

@TECHREPORT{LikStentz-PPCPProofs,
  author = {M. Likhachev and A. Stentz},
  title = {{PPCP:} {T}he Proofs},
  institution = {University of Pennsylvania, Philadelphia, PA},
  year = {2008},
  type = {{T}ech. {R}ep.}
}

@TECHREPORT{LikStentz-RAstarAnalysis,
  author = {M. Likhachev and A. Stentz},
  title = {R* Search: The Proofs},
  institution = {University of Pennsylvania, Philadelphia, PA},
  year = {2008},
  type = {{T}ech. {R}ep.}
}

@INPROCEEDINGS{LikStentz-RStar,
  author = {M. Likhachev and A. Stentz},
  title = {{R*} Search},
  booktitle = {Proceedings of the National Conference on Artificial Intelligence
	(AAAI)},
  year = {2008}
}

@INPROCEEDINGS{LikStentz-pathclearance,
  author = {M. Likhachev and A. Stentz},
  title = {Goal Directed Navigation with Uncertainty in Adversary Locations},
  booktitle = {Proceedings of the International Conference on Intelligent Robots
	and Systems (IROS)},
  year = {2007},
  pages = {4127--4134}
}

@INPROCEEDINGS{LikStentz-pcwithgreedyscouts,
  author = {M. Likhachev and A. Stentz},
  title = {Path Clearance Using Multiple Scout Robots},
  booktitle = {Proceedings of the Army Science Conference (ASC)},
  year = {2006}
}

@INPROCEEDINGS{LikStentz-PPCP,
  author = {M. Likhachev and A. Stentz},
  title = {{PPCP}: Efficient Probabilistic Planning with Clear Preferences in
	Partially-Known Environments},
  booktitle = {Proceedings of the National Conference on Artificial Intelligence
	(AAAI)},
  year = {2006},
  pages = {860--868}
}

@ARTICLE{Lin:90,
  author = {C. Lin and R. Chang},
  title = {On the Dynamic Shortest Path Problem},
  journal = {Journal of Information Processing},
  year = {1990},
  volume = {13},
  pages = {470--476},
  number = {4}
}

@ARTICLE{lovejoy-gridforpomdp,
  author = {William S. Lovejoy},
  title = {Computationally feasible bounds for partially observed Markov decision
	processes},
  journal = {Operations Research},
  year = {1991},
  volume = {39},
  pages = {162--175},
  number = {1},
  address = {Institute for Operations Research and the Management Sciences (INFORMS),
	Linthicum, Maryland, USA},
  issn = {0030-364X},
  publisher = {INFORMS}
}

@ARTICLE{Lumelsky-bug,
  author = {V. Lumelsky and A. Stepanov},
  title = {Path Planning Strategies for Point Mobile Automation Moving Amidst
	Unknown Obstacles of Arbitrary Shape},
  journal = {Algorithmica},
  year = {1987},
  volume = {2},
  pages = {403--430}
}

@ARTICLE{Likh-Anysearch,
  author = {{M. Likhachev} and D. Ferguson and G. Gordon and {A. Stentz} and
	S. Thrun},
  title = {Anytime Search in Dynamic Graphs},
  journal = {Artificial Intelligence Journal (AIJ)},
  year = {2008},
  volume = {172},
  number = {14}
}

@ARTICLE{Likh-ppcpaij,
  author = {{M. Likhachev} and A. Stentz},
  title = {Probabilistic Planning with Clear Preferences on Missing Information},
  journal = {Artificial Intelligence Journal (AIJ)},
  year = {2009},
  volume = {173},
  pages = {696--721},
  number = {5-6}
}

@ARTICLE{Mero-pathmax,
  author = {L. Mero},
  title = {A heuristic search algorithm with modifiable estimate},
  journal = {Artificial Intelligence},
  year = {1984},
  volume = {23},
  pages = {13--27}
}

@ARTICLE{MicFinKum0803,
  author = {N. Michael and J. Fink and V. Kumar},
  title = {Experimental Testbed for Large Multi-Robot Teams: Verification and
	Validation},
  journal = {{IEEE} Robotics and Automation Magazine},
  year = {2008},
  volume = {15},
  pages = {53--61},
  number = {1},
  month = mar
}

@ARTICLE{MoorAtk-PartiGame,
  author = {A. Moore and C. Atkeson},
  title = {The parti-game algorithm for variable resolution reinforcement learning
	in multidimensional state-spaces},
  journal = {Machine Learning},
  year = {1995},
  volume = {21},
  pages = {199--233},
  number = {3}
}

@ARTICLE{Moor-Prior,
  author = {A. Moore and C. Atkeson},
  title = {Prioritized sweeping: Reinforcement learning with less data and less
	time},
  journal = {Machine Learning},
  year = {1993},
  volume = {13},
  pages = {103--130},
  number = {1}
}

@PHDTHESIS{Morgan-samplebasedplan,
  author = {S. Morgan},
  title = {Sampling-based planning for discrete spaces},
  school = {Case Western Reserve University},
  year = {2004}
}

@BOOK{MLS,
  title = {A Mathematical Introduction to Robotic Manipulation},
  publisher = {CRC Press},
  year = {1994},
  author = {Richard M. Murray and Zexiang Li and S. Shankar Sastry}
}

@ARTICLE{Nair-POMDPs,
  author = {R. Nair and M. Tambe and M. Yokoo and D. Pynadath and S. Marsella},
  title = {Taming Decentralized POMDPs: Towards Efficient Policy Computation
	for Multiagent Settings},
  journal = {18th International Joint Conference on Artificial Intelligence (IJCAI)},
  year = {2003}
}

@BOOK{NilsBook2,
  title = {Principles of Artificial Intelligence},
  publisher = {Palo Alto, CA: Tioga Publishing},
  year = {1980},
  author = {N. Nilsson}
}

@BOOK{NilsBook,
  title = {Problem-Solving Methods in Artificial Intelligence},
  publisher = {McGraw-Hill},
  year = {1971},
  author = {N. Nilsson}
}

@ARTICLE{Nour-assumplan,
  author = {I. Nourbakhsh and M. Genesereth},
  title = { Assumptive planning and execution: a simple, working robot architecture},
  journal = {Autonomous Robots Journal},
  year = {1996},
  volume = {3},
  pages = {49--67},
  number = {1}
}

@ARTICLE{Merrell-obsavoidinuav,
  author = {{P. C. Merrell} and {D.-J. Lee} and R. W. Beard},
  title = {Obstacle avoidance for unmanned air vehicles using optical flow probability
	distributions},
  journal = {Mobile Robots XVII},
  year = {2004},
  volume = {5609},
  pages = {13--22},
  number = {1}
}

@ARTICLE{pai-multiresolution,
  author = {D. K. Pai and L.-M. Reissell},
  title = {Multiresolution Rough Terrain Motion Planning},
  journal = {IEEE Transactions on Robotics and Automation},
  year = {1998},
  volume = {14 (1)},
  pages = {19--33}
}

@ARTICLE{papadimitriou-tsitsiklis,
  author = {C. H. Papadimitriou and J. N. Tsitsiklis},
  title = {The complexity of {M}arkov decision processses},
  journal = {Mathematics of Operations Research},
  year = {1987},
  volume = {12},
  pages = {441--450},
  number = {3}
}

@BOOK{Pearl-heur,
  title = {Heuristics: Intelligent Search Strategies for Computer Problem Solving},
  publisher = {Addison-Wesley},
  year = {1984},
  author = {J. Pearl}
}

@INPROCEEDINGS{peng93dynaq,
  author = {J. Peng and R. J. Williams},
  title = {Efficient Learning and Planning Within the Dyna Framework},
  booktitle = {Proceedings of the 2nd International Conference on Simulation of
	Adaptive Behavior},
  year = {1993}
}

@INPROCEEDINGS{Petty-safemotplan,
  author = {S. Petty and T. Fraichard},
  title = {Safe motion planning in dynamic environments},
  booktitle = {Proceedings of IEEE Int. Conf. on Intelligent Robots and Systems
	(IROS)},
  year = {2005},
  pages = {3726--3731}
}

@INPROCEEDINGS{pineau03pointbased,
  author = {J. Pineau and G. Gordon and S. Thrun},
  title = {Point-based value iteration: An anytime algorithm for POMDPs},
  booktitle = {Proceedings of the International Joint Conference on Artificial Intelligence
	(IJCAI)},
  year = {2003},
  pages = {1025--1032}
}

@ARTICLE{ProbRoadmapsofTrees,
  author = {E. Plaku and K. E. Bekris and B.Y. Chen and A.M. Ladd and L. Kavraki},
  title = {Sampling-Based Roadmap of Trees for Parallel Motion Planning},
  journal = {IEEE Transactions on Robotics},
  year = {2005},
  volume = {21},
  pages = {597--608},
  number = {4}
}

@ARTICLE{PNIV01,
  author = {L. Podsedkowski and J. Nowakowski and M. Idzikowski and I. Vizvary},
  title = {A new solution for path planning in partially known or unknown environment
	for nonholonomic mobile robots},
  journal = {Robotics and Autonomous Systems},
  year = {2001},
  volume = {34},
  pages = {145--152}
}

@ARTICLE{Pods:01,
  author = {L. Podsedkowski and J. Nowakowski and {M. Idzikowski} and I. Vizvary},
  title = {A new solution for path planning in partially known or unknown environment
	for nonholonomic mobile robots},
  journal = {Robotics and Autonomous Systems},
  year = {2001},
  volume = {34},
  pages = {145--152}
}

@INPROCEEDINGS{Pohl-heursearch,
  author = {I. Pohl},
  title = {Practical and theoretical considerations in heuristic search algorithms},
  booktitle = {Machine Intelligence 8},
  year = {1977},
  editor = {E. W. Elcock and D. Michie},
  pages = {55--72},
  publisher = {New York: Wiley}
}

@ARTICLE{Pohl-wA,
  author = {I. Pohl},
  title = {First results on the effect of error in heuristic search},
  journal = {Machine Intelligence},
  year = {1970},
  volume = {5},
  pages = {219--236},
  address = {New York},
  editor = {B. Meltzer and D. Michie},
  publisher = {American Elsevier}
}

@ARTICLE{Martha-DIPART,
  author = {Martha E. Pollack},
  title = {Planning in dynamic environments: The ``DIPART"" system},
  journal = {Advanced Planning Technology: Technology Achievements of the ARPA/Rome
	Laboratory Planning Initiative},
  year = {1996},
  publisher = {Morgan Kaufmann}
}

@PHDTHESIS{Poon-POMDP,
  author = {K.M. Poon},
  title = {A fast heuristic algorithm for decision-theoretic planning},
  school = {The Hong Kong University of Science and Technology},
  year = {2001}
}

@INPROCEEDINGS{poupart-factoredpomdp,
  author = {Pascal Poupart and Craig Boutilier},
  title = {Vector-space analysis of belief-state approximation for {POMDP}s},
  booktitle = {Proceedings of the International Conference on Uncertainty in Artificial
	Intelligence (UAI)},
  year = {2001}
}

@BOOK{Preparata-compgeom,
  title = {Computational Geometry: An Introduction},
  publisher = {Springer-Verlag},
  year = {1985},
  author = {F. Preparata and M.I. Shamos},
  pages = {198--257}
}

@BOOK{Puterman-MDP,
  title = {Markov decision processes : Discrete stochastic dynamic programming},
  publisher = {John Wiley and Sons},
  year = {1994},
  author = {M. Puterman}
}

@INPROCEEDINGS{Rabin-Astarforgames,
  author = {S. Rabin},
  title = {{A}* Speed Optimizations},
  booktitle = {Game Programming Gems},
  year = {2000},
  editor = {M. DeLoura},
  pages = {272--287},
  address = {Rockland, MA},
  publisher = {Charles River Media}
}

@ARTICLE{Rama:96,
  author = {G. Ramalingam and T. Reps},
  title = {An Incremental Algorithm for a Generalization of the Shortest-Path
	Problem},
  journal = {Journal of Algorithms},
  year = {1996},
  volume = {21},
  pages = {267--305}
}

@ARTICLE{Rama:96a,
  author = {G. Ramalingam and T. Reps},
  title = {On the Computational Complexity of Dynamic Graph Problems},
  journal = {Theoretical Computer Science},
  year = {1996},
  volume = {158},
  pages = {233--277},
  number = {1--2}
}

@INPROCEEDINGS{chomp,
  author = {Nathan Ratliff and Matt Zucker and J. Andrew Bagnell and Siddhartha
	Srinivasa},
  title = {CHOMP: Gradient Optimization Techniques for Efficient Motion Planning},
  booktitle = {IEEE International Conference on Robotics and Automation},
  year = {2009}
}

@ARTICLE{rimon-navigfunctions,
  author = {E. Rimon and D.E. Koditscheck},
  title = {Exact Robot Navigation using Artificial Potential Functions},
  journal = {IEEE Transactions on Robotics and Automation},
  year = {1992},
  volume = {8},
  pages = {501--518},
  number = {5}
}

@INPROCEEDINGS{Rohn:85,
  author = {H. Rohnert},
  title = {A Dynamization of the All Pairs Least Cost Path Problem},
  booktitle = {Proceedings of the Symposium on Theoretical Aspects of Computer Science},
  year = {1985},
  pages = {279--286}
}

@INPROCEEDINGS{roy02exponential,
  author = {N. Roy and G. Gordon},
  title = {Exponential Family PCA for Belief Compression in POMDPs},
  booktitle = {Advances in Neural Information Processing Systems},
  year = {2002},
  editor = {S. Becker and S. Thrun and K. Obermayer},
  pages = {1043--1049}
}

@BOOK{russell95,
  title = {Artificial Intelligence: A Modern Approach},
  publisher = {Englewood Cliffs, NJ: Prentice-Hall},
  year = {1995},
  author = {S. Russell and P. Norvig}
}

@ARTICLE{KoenLikh-fastreplan,
  author = {{S. Koenig} and M. Likhachev},
  title = {Fast Replanning for Navigation in Unknown Terrain},
  journal = {Transactions on Robotics (and Automation)},
  year = {2005},
  volume = {21},
  pages = {354--363},
  number = {3}
}

@INPROCEEDINGS{Scherer-FlyingFast,
  author = {{S. Scherer} and {S. Singh} and {L. Chamberlain} and S. Saripalli},
  title = {Flying Fast and Low Among Obstacles},
  booktitle = {Proceedings of the IEEE International Conference on Robotics and
	Automation (ICRA)},
  year = {2007}
}

@INPROCEEDINGS{shani-forwsearchforpomdp,
  author = {Guy Shani and Ronen I. Brafman and Solomon E. Shimony},
  title = {Forward Search Value Iteration For POMDPs},
  booktitle = {Proceedings of the International Joint Conference on Artificial Intelligence
	(IJCAI)},
  year = {2007}
}

@INPROCEEDINGS{Simm:88,
  author = {R. Simmons},
  title = {A Theory of Debugging Plans and Interpretations},
  booktitle = {Proceedings of the National Conference on Artificial Intelligence
	(AAAI)},
  year = {1988},
  pages = {94--99}
}

@INPROCEEDINGS{smith-hsvi,
  author = {Trey Smith and Reid G. Simmons},
  title = {Heuristic Search Value Iteration for {POMDPs}},
  booktitle = {Proceedings of the International Conference on Uncertainty in Artificial
	Intelligence (UAI)},
  year = {2004},
  pages = {520--527}
}

@PHDTHESIS{Sond-POMDP,
  author = {E. J. Sondik},
  title = {The Optimal Control of Partially Observable Markov Processes},
  school = {Stanford University},
  year = {1971}
}

@INPROCEEDINGS{spaan04icra,
  author = {M.T.J. Spaan and N. Vlassis},
  title = {A point-based {POMDP} algorithm for robot planning},
  booktitle = {Proceedings of the IEEE International Conference on Robotics and
	Automation},
  year = {2004},
  pages = {2399--2404}
}

@ARTICLE{Matthijs-Decentralized,
  author = {Matthijs T.J. Spaan and Geoffrey J. Gordon and Nikos Vlassis},
  title = {Decentralized Planning under Uncertainty for Teams of Communicating
	Agents},
  journal = {Proc. of Int. Joint Conference on Autonomous Agents and Multi Agent
	Systems},
  year = {2006},
  pages = {249--256}
}

@ARTICLE{Spir:75,
  author = {P. Spira and A. Pan},
  title = {On Finding and Updating Spanning Trees and Shortest Paths},
  journal = {SIAM Journal on Computing},
  year = {1975},
  volume = {4},
  pages = {375--380}
}

@INPROCEEDINGS{Stachniss02Integrated,
  author = {C. Stachniss and W. Burgard},
  title = {An Integrated Approach to Goal-directed Obstacle Avoidance under
	Dynamic Constraints for Dynamic Environments},
  booktitle = {Proc.~of the IEEE/RSJ International Conference on Intelligent Robots
	and Systems (IROS)},
  year = {2002},
  pages = {508--513}
}

@INPROCEEDINGS{Ste96-FractEnv,
  author = {A. Stentz},
  title = {Map-based strategies for robot navigation in unknown environments},
  booktitle = {AAAI Spring Symposium on Planning with Incomplete Information for
	Robot Problems},
  year = {1996},
  pages = {110--116}
}

@INPROCEEDINGS{Stentz-dstar,
  author = {A. Stentz},
  title = {The focussed {D*} algorithm for real-time replanning},
  booktitle = {Proceedings of the International Joint Conference on Artificial Intelligence
	(IJCAI)},
  year = {1995},
  pages = {1652--1659}
}

@ARTICLE{Ste95b,
  author = {A. Stentz and M. Hebert},
  title = {A complete navigation system for goal acquisition in unknown environments},
  journal = {Autonomous Robots},
  year = {1995},
  volume = {2},
  pages = {127--145},
  number = {2}
}

@INPROCEEDINGS{kpiece,
  author = {Ioan Alexandru Sucan and Lydia E. Kavraki},
  title = {Kinodynamic Motion Planning by Interior-Exterior Cell Exploration},
  booktitle = {International Workshop on the Algorithmic Foundations of Robotics},
  year = {2008}
}

@INPROCEEDINGS{Yoon-ffreplan,
  author = {{Sungwook Yoon} and Alan Fern and Robert Givan},
  title = {{FF}-Replan: A Baseline for Probabilistic Planning},
  booktitle = {Proceedings of the International Conference on Automated Planning
	and Scheduling (ICAPS)},
  year = {2007}
}

@BOOK{suttonRLbook,
  title = {Reinforcement Learning: An Introduction},
  publisher = {Cambridge, MA: MIT Press},
  year = {1998},
  author = {R. S. Sutton and A. G. Barton}
}

@ARTICLE{SvesOver-probmotplan,
  author = {Petr Svestka and Mark H. Overmars},
  title = {Motion planning for car-like robots using a probabilistic learning
	approach},
  journal = {International Journal of Robotics Research},
  year = {1997},
  volume = {16},
  pages = {119--143},
  number = {2}
}

@MISC{TMTech-evac,
  author = {TM Technologie},
  howpublished = {Intelligent System of Evacuation},
  year = {2007}
}

@BOOK{ProbRobbook,
  title = {Probabilistic Robotics (Intelligent Robotics and Autonomous Agents)},
  publisher = {Cambridge, MA: MIT Press},
  year = {2005},
  author = {Sebastian Thrun and Wolfram Burgard and Dieter Fox},
  month = {September},
  isbn = {0262201623}
}

@INCOLLECTION{Thr98,
  author = {S. Thrun and others},
  title = {Map learning and high-speed navigation in {RHINO}},
  booktitle = {AI-based {M}obile {R}obots: Case {S}tudies of {S}uccessful {R}obot
	{S}ystems},
  publisher = {Cambridge, MA: MIT Press},
  year = {1998},
  editor = {D. Kortenkamp and R.P. Bonasso and R. Murphy}
}

@ARTICLE{Thr06,
  author = {S. Thrun and others},
  title = {Stanley: The robot that won the {DARPA} {G}rand {C}hallenge},
  journal = JFR,
  year = {2006},
  volume = {23},
  pages = {661--692},
  number = {9},
  month = {August}
}

@ARTICLE{Tro90,
  author = {K. Trovato},
  title = {Differential {A*}: An adaptive search method illustrated with robot
	path planning for moving obstacles and goals, and an uncertain environment},
  journal = {Journal of Pattern Recognition and Artificial Intelligence},
  year = {1990},
  volume = {4},
  number = {2}
}

@ARTICLE{Urm08-UC,
  author = {C. Urmson and others},
  title = {Autonomous Driving in Urban Environments: Boss and the Urban Challenge},
  journal = JFR,
  year = {2008},
  volume = {25},
  pages = {425--466},
  number = {8},
  month = {June}
}

@ARTICLE{Urm06,
  author = {C. Urmson and others},
  title = {A robust approach to high-speed navigation for unrehearsed desert
	terrain},
  journal = JFR,
  year = {2006},
  volume = {23},
  pages = {467--508},
  number = {8},
  month = {August}
}

@BOOK{Velo:94,
  title = {Planning and Learning by Analogical Reasoning},
  publisher = {Springer},
  year = {1994},
  author = {M. Veloso}
}

@INPROCEEDINGS{washington-bipomdp,
  author = {Richard Washington},
  title = {{BI}-{POMDP}: Bounded, Incremental, Partially-Observable Markov-Model
	Planning},
  booktitle = {Proceedings of the European Conference on Planning (ECP)},
  year = {1997},
  pages = {440--451}
}

@INPROCEEDINGS{Yahja-quadtreesforplan,
  author = {A. Yahja and A. Stentz and S. Singh and B. L. Brumitt},
  title = {Framed-Quadtree Path Planning for Mobile Robots Operating in Sparse
	Environments},
  booktitle = {Proceedings of the IEEE International Conference on Robotics and
	Automation (ICRA)},
  year = {1998},
  pages = {650--655}
}

@INPROCEEDINGS{HZ:JO:98,
  author = {H. Zhang and V. Kumar and J. Ostrowski},
  title = {Motion Planning under Uncertainty},
  booktitle = {IEEE International Conference on Robotics and Automation},
  year = {1998},
  address = {Leuven, Belgium},
  month = {May 16-21},
  publisher = {IEEE},
  date-added = {2009-01-15 18:25:36 -0500},
  date-modified = {2009-01-15 18:25:36 -0500}
}

@INPROCEEDINGS{zhang-fasterviforPOMDPs,
  author = {Nevin L. Zhang and Stephen S. Lee and Weihong Zhang},
  title = {A Method for Speeding Up Value Iteration in Partially Observable
	Markov Decision Processes},
  booktitle = {Proceedings of the International Conference on Uncertainty in Artificial
	Intelligence (UAI)},
  year = {1999},
  pages = {696--703}
}

@INPROCEEDINGS{Zhang-CABS,
  author = {W. Zhang},
  title = {Complete anytime beam search},
  booktitle = {Proceedings of the National Conference on Artificial Intelligence
	(AAAI)},
  year = {1998},
  pages = {425--430}
}

@INPROCEEDINGS{ZhouHans-beamstack,
  author = {R. Zhou and E. A. Hansen},
  title = {Beam-Stack Search: Integrating Backtracking with Beam Search},
  booktitle = {Proceedings of the International Conference on Automated Planning
	and Scheduling (ICAPS)},
  year = {2005},
  pages = {90--98}
}

@INPROCEEDINGS{ZhouHans-AnytimeA,
  author = {R. Zhou and E. A. Hansen},
  title = {Multiple sequence alignment using {A}*},
  booktitle = {Proceedings of the National Conference on Artificial Intelligence
	(AAAI)},
  year = {2002},
  note = {Student abstract}
}

@INPROCEEDINGS{Zhou-POMDPDisc,
  author = {R. Zhou and E. A. Hansen},
  title = {An improved grid-based approximation algorithm for POMDPs},
  booktitle = {Proceedings of the International Joint Conference on Artificial Intelligence
	(IJCAI)},
  year = {2001},
  pages = {707--716}
}

@INCOLLECTION{Zilberstein95a,
  author = {S. Zilberstein and S. Russell},
  title = {Approximate reasoning using anytime algorithms},
  booktitle = {Imprecise and Approximate Computation},
  publisher = {Kluwer Academic Publishers},
  year = {1995}
}

@INPROCEEDINGS{zilberstein93anytime,
  author = {S. Zilberstein and S. Russell},
  title = {Anytime Sensing, Planning and Action: A Practical Model for Robot
	Control},
  booktitle = {Proceedings of the International Joint Conference on Artificial Intelligence
	(IJCAI)},
  year = {1993},
  pages = {1402--1407}
}

@inproceedings {Ciocarlie:2010,
	title = {Towards Reliable Grasping and Manipulation in Household Environments},
	author = {Matei Ciocarlie and Kaijen Hsiao and E. Gil Jones and Sachin Chitta and Radu Bogdan Rusu and Ioan Alexandru Sucan},
	year = {2010},
	month = {December},
  booktitle = {ISER},
	address = {New Delhi, India},
	keywords = {}
}

@inproceedings {Hsiao:2010,
	title = {Contact-Reactive Grasping of Objects with Partial Shape Information},
	year = {2010},
  booktitle = {IROS},
	month = {10},
	keywords = {},
	author = {Kaijen Hsiao and Sachin Chitta and Matei Ciocarlie and E. Gil Jones}
}

@INPROCEEDINGS{IAS08-IntelBusBoy,
  author = {Siddhartha Srinivasa and David Ferguson and Michael Vande Weghe and
	Rosen Diankov and Dmitry Berenson and Casey Helfrich and Hauke Strasdat},
  title = {{The Robotic Busboy: Steps Towards Developing a Mobile Robotic Home
	Assistant}},
  booktitle = {Intl. Conference on Intelligent Autonomous Systems (IAS-10)},
  year = {2008},
  month = {July}
}

@CONFERENCE{bi_manual_humanoid,
  author = {Nikolaus Vahrenkamp and Dmitry Berenson and Tamim Asfour and James Kuffner and Rudiger Dillmann},
  title = {Humanoid Motion Planning for Dual-Arm Manipulation and Re-Grasping Tasks},
  booktitle = {IEEE/RSJ International Conference on Intelligent Robots and Systems},
  year = {2009},
  month = {October},
}

@INPROCEEDINGS{JustinDLR,
  author = {Christoph Borst and Christian Ott and Thomas Wimbock and Bernhard
	Brunner and Franziska Zacharias and Berthold Baeum and Ulrich Hillenbrand
	and Sami Haddadin and Alin Albu-Schaeffer and Gerd Hirzinger},
  title = {{A humanoid upper body system for two-handed manipulation}},
  booktitle = ICRA,
  year = {2007},
  pages = {2766-2767},
  month = {April}
}

@inproceedings {scholz11icra,
	title = {Cart Pushing with a Mobile Manipulation System: Towards Navigation with Moveable Objects},
	booktitle = ICRA,
	year = {2011},
	address = {Shanghai, China},
	author = {Jonathan Scholz and Sachin Chitta and Bhaskara Marthi and Maxim Likhachev}
}

@inproceedings {Shepard:2010,
        title = {Cloth grasp point detection based on multiple-view geometric cues with application to robotic towel folding},
        booktitle = {IEEE Intl. Conf. on Robotics and Automation},
        series = {},
        year = {2010},
        author = {Maitin-Shepard, J. and  Cusumano-Towner, M. and   Lei, J. and   Abbeel, P.}
}

@CONFERENCE{perceptionplanning,
  author = {Rusu, Radu Bogdan and \c{S}ucan, Ioan A. and Gerkey, Brian and Chitta,
	Sachin and Beetz, Michael and Kavraki, Lydia E.},
  title = {Real-time Perception Guided Motion Planning for a Personal Robot},
  booktitle = IROS,
  year = {2009},
  address = {St. Louis, USA},
  month = {October},
  owner = {isucan},
  timestamp = {2009.08.26}
}

@INPROCEEDINGS{Ratliff2009,
  author = {Ratliff, Nathan and Zucker, Matt and Bagnell, J. Andrew and Srinivasa,
	Siddhartha},
  title = {{CHOMP}: Gradient optimization techniques for efficient motion planning},
  booktitle = ICRA,
  year = {2009},
  pages = {489--494},
  month = {12--17 May },
  doi = {10.1109/ROBOT.2009.5152817},
  owner = {isucan},
  timestamp = {2009.09.03}
}

@CONFERENCE{intel_cmu_bispace_09,
  author = {R. Diankov and N. Ratliff and D. Ferguson and S. Srinivasa and J.
	J. Kuffner.},
  title = {BiSpace Planning: Concurrent Multi-Space Exploration},
  booktitle = {Robotics: Science and Systems},
  year = {2008},
  month = {Zurich, Switzerland},
  owner = {isucan},
  timestamp = {2009.09.14}
}

@INPROCEEDINGS{UMassUMan,
  author = {Dov Katz and Emily Horrell and Yuandong Yang and Brendan Burns and
	Thomas Buckley and Anna Grishkan and Volodymyr Zhylkovskyy and Oliver
	Brock and Erik Learned-Miller},
  title = {{The UMass Mobile Manipulator UMan: An Experimental Platform for
	Autonomous Mobile Manipulation}},
  booktitle = {IEEE Workshop on Manipulation for Human Environments},
  year = {2006},
  address = {Philadelphia, USA},
  month = {August}
}

@CONFERENCE{workspace_region,
  author = {Berenson, Dmitry and Srinivasa, Siddhartha S. and Ferguson, Dave
	and Collet, Alvaro and Kuffner, James J.},
  title = {Manipulation Planning with Workspace Goal Regions},
  booktitle = ICRA,
  year = {2009},
  month = {May},
  owner = {isucan},
  timestamp = {2009.08.26}
}

@CONFERENCE{Hormann:92,
  author = {Andreas Hormann},
  title = {On-line Planning of Action Sequences for a Two-Arm Manipulator System},
  booktitle = ICRA,
  year = {1992},
  month = {May},
}

@CONFERENCE{Koga:92,
  author = {Yoshihito Koga and Jean-Claude Latombe},
  title = {Experiments in Dual-Arm Manipulation Planning},
  booktitle = ICRA,
  year = {1992},
  month = {May},
}

@CONFERENCE{Koga:94,
  author = {Yoshihito Koga and Jean-Claude Latombe},
  title = {On Multi-Arm Manipulation Planning},
  booktitle = ICRA,
  year = {1994},
  month = {May},
}

@CONFERENCE{Li:95,
  author = {Tsai-Yen Li and Jean-Claude Latombe},
  title = {On-Line Manipulation Planning for Two Robot Arms in a Dynamic Environment},
  booktitle = ICRA,
  year = {1995},
  month = {May},
}

@CONFERENCE{Hauser:10,
  author = {K. Hauser and V. Ng-Thow-Hing},
  title = {Fast Smoothing of Manipulator Trajectories using Optimal Bounded-Acceleration Shortcuts},
  booktitle = ICRA,
  year = {2010},
  month = {May},
}

@INPROCEEDINGS{SBL,
  author = {Gildardo Sanchez and Jean Claude Latombe},
  title = {A Single-query Bi-directional probabilistic roadmap planner with Lazy collision checking},
  booktitle = {International Symposium on Robotics Research},
  year = {2001},
}

@INPROCEEDINGS{doors,
  author = {Benjamin J. Cohen and Sachin Chitta and Maxim Likhachev},
  title = {Planning for Autonomous Door Opening with a Mobile Manipulator},
  booktitle = {Proceedings of the IEEE International Conference on Robotics and
	Automation (ICRA)},
  year = {2010}
}
